<record><leader>00000cas a22000007a 4500</leader><controlfield tag="001">20981545</controlfield><controlfield tag="008">900131d19091990mouwr ne      0    0eng d</controlfield><datafield ind1=" " ind2=" " tag="010"><subfield code="a">sn 90061228 </subfield></datafield><datafield ind1=" " ind2=" " tag="040"><subfield code="a">MQN</subfield><subfield code="b">eng</subfield><subfield code="c">MQN</subfield><subfield code="d">OCLCQ</subfield></datafield><datafield ind1=" " ind2=" " tag="042"><subfield code="a">msc</subfield></datafield><datafield ind1="0" ind2="4" tag="245"><subfield code="a">The Lathrop optimist.</subfield></datafield><datafield ind1=" " ind2=" " tag="260"><subfield code="a">Lathrop, Clinton County, Mo. :</subfield><subfield code="b">Tom W. Klepper</subfield></datafield><datafield ind1=" " ind2=" " tag="300"><subfield code="a">v.</subfield></datafield><datafield ind1=" " ind2=" " tag="310"><subfield code="a">Weekly</subfield></datafield><datafield ind1="1" ind2=" " tag="362"><subfield code="a">Began in 1909?</subfield></datafield><datafield ind1="0" ind2=" " tag="362"><subfield code="a">-v. 83, no. 27 (May 17, 1990).</subfield></datafield><datafield ind1=" " ind2=" " tag="588"><subfield code="a">Description based on: Vol. 4, no. 11 (Feb. 6, 1913).</subfield></datafield><datafield ind1=" " ind2="4" tag="651"><subfield code="a">Lathrop (Mo.)</subfield><subfield code="v">Newspapers.</subfield></datafield><datafield ind1=" " ind2=" " tag="752"><subfield code="a">United States</subfield><subfield code="b">Missouri</subfield><subfield code="c">Clinton</subfield><subfield code="d">Lathrop.</subfield></datafield><datafield ind1="0" ind2="7" tag="785"><subfield code="t">Plattsburg leader</subfield><subfield code="w">(DLC)sn 90061121</subfield></datafield><datafield ind1="0" ind2="7" tag="785"><subfield code="t">Clinton County leader</subfield><subfield code="w">(DLC)sn 92058894</subfield></datafield></record>